<?xml version="1.0" encoding="UTF-8"?><record xmlns="http://www.loc.gov/MARC21/slim" xmlns:cinclude="http://apache.org/cocoon/include/1.0" xmlns:zs="http://www.loc.gov/zing/srw/">
  <leader>00446nz  a2200145n  4500</leader>
  <controlfield tag="001">no2007001464</controlfield>
  <controlfield tag="003">DLC</controlfield>
  <controlfield tag="005">20070107075109.0</controlfield>
  <controlfield tag="008">070105n| acannaabn          |a aaa     c</controlfield>
  <datafield tag="010" ind1=" " ind2=" ">
    <subfield code="a">no2007001464</subfield>
  </datafield>
  <datafield tag="035" ind1=" " ind2=" ">
    <subfield code="a">(OCoLC)oca07291011</subfield>
  </datafield>
  <datafield tag="040" ind1=" " ind2=" ">
    <subfield code="a">WU</subfield>
    <subfield code="b">eng</subfield>
    <subfield code="c">WU</subfield>
  </datafield>
  <datafield tag="100" ind1="1" ind2=" ">
    <subfield code="a">Edy, Tjatur Sapto,</subfield>
    <subfield code="d">1970-</subfield>
  </datafield>
  <datafield tag="400" ind1="0" ind2=" ">
    <subfield code="a">Tjatur Sapto Edy,</subfield>
    <subfield code="d">1970-</subfield>
  </datafield>
  <datafield tag="670" ind1=" " ind2=" ">
    <subfield code="a">Suara-suara saya di Senayan, 2006:</subfield>
    <subfield code="b">t.p. (Tjatur Sapto Edy) p. 142 (b. Aug. 1, 1970, Magelang, Indonesia)</subfield>
  </datafield>
</record>